<collection xmlns="http://www.loc.gov/MARC21/slim">
<record>
  <leader>02332nam0a2200385 i 450 </leader>
  <controlfield tag="001">IT\ICCU\CNCE\029317</controlfield>
  <controlfield tag="005">20110419000000.0</controlfield>
  <datafield tag="012" ind1=" " ind2=" ">
    <subfield code="a">r,Ar 6.s. Eti- dise (3) 1599 (R)</subfield>
    <subfield code="2">fei</subfield>
    <subfield code="9">A</subfield>
  </datafield>
  <datafield tag="012" ind1=" " ind2=" ">
    <subfield code="a">r,r- 6.s. Eti- dise (3) 1599 (R)</subfield>
    <subfield code="2">fei</subfield>
    <subfield code="9">B</subfield>
  </datafield>
  <datafield tag="100" ind1=" " ind2=" ">
    <subfield code="a">19971119d1599        0itac0103    ba</subfield>
  </datafield>
  <datafield tag="101" ind1=" " ind2=" ">
    <subfield code="a">LAT</subfield>
  </datafield>
  <datafield tag="102" ind1=" " ind2=" ">
    <subfield code="a">IT</subfield>
  </datafield>
  <datafield tag="200" ind1="1" ind2=" ">
    <subfield code="a">℗Doctoris Martae Neapolitani iurisconsulti praeclarissimi et in almo studio Pisano iuriscaesarei professoris digniss. horis vespertinis, ℗Repetitiones in rubricam, et l. I. ff. soluto matrimonio, per quaestiones, pro vt disputantur in circulis Pisanis, inprima, quam vocant, tertiaria</subfield>
  </datafield>
  <datafield tag="210" ind1=" " ind2=" ">
    <subfield code="a">Florentiae</subfield>
    <subfield code="c">apud Georgium Marescotum</subfield>
    <subfield code="d">1599</subfield>
  </datafield>
  <datafield tag="215" ind1=" " ind2=" ">
    <subfield code="a">\8!, 168 p.</subfield>
    <subfield code="d">fol</subfield>
  </datafield>
  <datafield tag="620" ind1=" " ind2=" ">
    <subfield code="a">IT</subfield>
    <subfield code="d">Firenze</subfield>
  </datafield>
  <datafield tag="700" ind1=" " ind2="1">
    <subfield code="a">Marta,</subfield>
    <subfield code="b">Giacomo Antonio</subfield>
    <subfield code="3">IT\ICCU\CNCA\003138</subfield>
  </datafield>
  <datafield tag="712" ind1="0" ind2="0">
    <subfield code="a">Marescotti, Giorgio</subfield>
    <subfield code="3">IT\ICCU\CNCT\000049</subfield>
    <subfield code="4">650</subfield>
  </datafield>
  <datafield tag="712" ind1="0" ind2="2">
    <subfield code="a">Tipografo non identificato</subfield>
    <subfield code="3">IT\ICCU\CNCT\003341</subfield>
    <subfield code="4">650</subfield>
  </datafield>
  <datafield tag="790" ind1=" " ind2="0">
    <subfield code="a">Marta</subfield>
    <subfield code="c"> : Neapolitanus</subfield>
    <subfield code="3">IT\ICCU\CNCA\014595</subfield>
    <subfield code="z">Marta, Giacomo Antonio</subfield>
  </datafield>
  <datafield tag="790" ind1=" " ind2="1">
    <subfield code="a">Marta,</subfield>
    <subfield code="b">Iacobus Antonius</subfield>
    <subfield code="3">IT\ICCU\CNCA\021077</subfield>
    <subfield code="z">Marta, Giacomo Antonio</subfield>
  </datafield>
  <datafield tag="791" ind1="0" ind2="0">
    <subfield code="a">Mariscotti, Giorgio</subfield>
    <subfield code="3">IT\ICCU\CNCT\005030</subfield>
    <subfield code="z">Marescotti, Giorgio</subfield>
  </datafield>
  <datafield tag="791" ind1="0" ind2="0">
    <subfield code="a">Marescottus, Georgius</subfield>
    <subfield code="3">IT\ICCU\CNCT\005031</subfield>
    <subfield code="z">Marescotti, Giorgio</subfield>
  </datafield>
  <datafield tag="791" ind1="0" ind2="0">
    <subfield code="a">Marescotus, Georgius</subfield>
    <subfield code="3">IT\ICCU\CNCT\005032</subfield>
    <subfield code="z">Marescotti, Giorgio</subfield>
  </datafield>
  <datafield tag="801" ind1=" " ind2="3">
    <subfield code="a">IT</subfield>
    <subfield code="b">ICCU</subfield>
    <subfield code="c">20201114</subfield>
  </datafield>
  <datafield tag="899" ind1=" " ind2=" ">
    <subfield code="a">Biblioteca nazionale centrale. Firenze</subfield>
    <subfield code="z">(Var.B)</subfield>
    <subfield code="1">FI0098</subfield>
    <subfield code="2">CFI CF</subfield>
  </datafield>
  <datafield tag="899" ind1=" " ind2=" ">
    <subfield code="a">Biblioteca Labronica Francesco Domenico Guerrazzi. Livorno</subfield>
    <subfield code="1">LI0011</subfield>
    <subfield code="2">LIA FA</subfield>
  </datafield>
  <datafield tag="899" ind1=" " ind2=" ">
    <subfield code="a">Biblioteca del Dipartimento di diritto privato e storia del diritto dell&apos;Universit ̉degli studi di Milano. Milano</subfield>
    <subfield code="1">MI1334</subfield>
    <subfield code="2">USM L1</subfield>
  </datafield>
  <datafield tag="899" ind1=" " ind2=" ">
    <subfield code="a">Biblioteca comunale Teresiana. Mantova</subfield>
    <subfield code="1">MN0035</subfield>
    <subfield code="2">LO1 12</subfield>
  </datafield>
  <datafield tag="899" ind1=" " ind2=" ">
    <subfield code="a">Biblioteca comunale Sperelliana. Gubbio</subfield>
    <subfield code="1">PG0049</subfield>
    <subfield code="2">UM1 11</subfield>
  </datafield>
  <datafield tag="899" ind1=" " ind2=" ">
    <subfield code="a">Biblioteca universitaria. Pisa</subfield>
    <subfield code="z">(Var.B)</subfield>
    <subfield code="1">PI0112</subfield>
    <subfield code="2">PIS R1</subfield>
  </datafield>
  <datafield tag="899" ind1=" " ind2=" ">
    <subfield code="a">Biblioteca nazionale centrale. Roma</subfield>
    <subfield code="z">(Var.A)</subfield>
    <subfield code="1">RM0267</subfield>
    <subfield code="2">BVE CR</subfield>
  </datafield>
  <datafield tag="899" ind1=" " ind2=" ">
    <subfield code="a">Biblioteca universitaria Alessandrina. Roma</subfield>
    <subfield code="1">RM0280</subfield>
    <subfield code="2">RML 01</subfield>
  </datafield>
  <datafield tag="899" ind1=" " ind2=" ">
    <subfield code="a">Biblioteca Casanatense. Roma</subfield>
    <subfield code="1">RM0313</subfield>
    <subfield code="2">RML 07</subfield>
  </datafield>
  <datafield tag="921" ind1=" " ind2=" ">
    <subfield code="a">IT\ICCU\CNCM\002373</subfield>
    <subfield code="b">Tempo (vecchio alato con zampe di capra) che impugna una falce. Nella cornice in basso: Tempus.</subfield>
    <subfield code="e">Hanc aciem sola retundit virtus</subfield>
    <subfield code="c">U903</subfield>
    <subfield code="d">Dimensioni: 10,8 x 8,9</subfield>
    <subfield code="f">TEMPO</subfield>
    <subfield code="f">VECCHIO</subfield>
    <subfield code="f">FALCE</subfield>
    <subfield code="f">HANCACIEM</subfield>
    <subfield code="g">1599</subfield>
  </datafield>
</record>
</collection>
